<record><leader>00000cas a22000007a 4500</leader><controlfield tag="001">10482367</controlfield><controlfield tag="008">840303d18701877pauwr ne      0    0eng d</controlfield><datafield ind1=" " ind2=" " tag="010"><subfield code="a">sn 84026498 </subfield></datafield><datafield ind1=" " ind2=" " tag="040"><subfield code="a">NPU</subfield><subfield code="b">eng</subfield><subfield code="c">NPU</subfield><subfield code="d">NPX</subfield><subfield code="d">NPH</subfield><subfield code="d">OCLCQ</subfield></datafield><datafield ind1=" " ind2=" " tag="042"><subfield code="a">msc</subfield></datafield><datafield ind1="0" ind2="0" tag="245"><subfield code="a">Titusville weekly courier.</subfield></datafield><datafield ind1="1" ind2="3" tag="246"><subfield code="a">Weekly courier</subfield></datafield><datafield ind1=" " ind2=" " tag="260"><subfield code="a">Titusville [Pa.] :</subfield><subfield code="b">Titusville Print. Assn.</subfield></datafield><datafield ind1=" " ind2=" " tag="300"><subfield code="a">v. ;</subfield><subfield code="c">74 cm.</subfield></datafield><datafield ind1=" " ind2=" " tag="310"><subfield code="a">Weekly</subfield></datafield><datafield ind1="1" ind2=" " tag="362"><subfield code="a">Began in 1870; ceased in Sept. 1877.</subfield><subfield code="z">Cf. Bates, S.P. Our county and its people ... Crawford Co., Pa., 1899.</subfield></datafield><datafield ind1=" " ind2=" " tag="500"><subfield code="a">Publishers: Titusville Print. Assn., &lt;1873&gt;; M.N. Allen, &lt;1876&gt;.</subfield></datafield><datafield ind1=" " ind2=" " tag="500"><subfield code="a">"Democratic," &lt;1876&gt;.</subfield></datafield><datafield ind1=" " ind2=" " tag="500"><subfield code="a">Editor: M.N. Allen, &lt;1876&gt;.</subfield></datafield><datafield ind1=" " ind2=" " tag="580"><subfield code="a">Daily ed.: Titusville daily courier.</subfield></datafield><datafield ind1=" " ind2=" " tag="580"><subfield code="a">Absorbed by: Titusville weekly herald. Cf. Hist. of Crawford Co., Pa., 1885.</subfield></datafield><datafield ind1=" " ind2=" " tag="588"><subfield code="a">Description based on: Vol. 2, no. 2 (Nov. 18, 1871).</subfield></datafield><datafield ind1=" " ind2=" " tag="752"><subfield code="a">United States</subfield><subfield code="b">Pennsylvania</subfield><subfield code="c">Crawford</subfield><subfield code="d">Titusville.</subfield></datafield><datafield ind1="1" ind2=" " tag="775"><subfield code="t">Titusville daily courier</subfield><subfield code="w">(DLC)sn 84026499</subfield></datafield><datafield ind1="1" ind2="4" tag="785"><subfield code="t">Titusville weekly herald</subfield><subfield code="w">(DLC)sn 86053995</subfield></datafield><datafield ind1="1" ind2=" " tag="029"><subfield code="a">AU@</subfield><subfield code="b">000025784334</subfield></datafield></record>